<collection xmlns="http://www.loc.gov/MARC21/slim">
   <record>
      <leader>03033cgm a2200517 a 4500</leader>
      <controlfield tag="001">6800060</controlfield>
      <controlfield tag="005">20110525141000.0</controlfield>
      <controlfield tag="007">vd cvaiz|</controlfield>
      <controlfield tag="008">150208s2015    onc066            vleng d</controlfield>
      <datafield ind1=" " ind2=" " tag="035">
         <subfield code="a">ocn903198474</subfield>
      </datafield>
      <datafield ind1=" " ind2=" " tag="040">
         <subfield code="a">AEGMCT</subfield>
         <subfield code="b">eng</subfield>
         <subfield code="c">AEGMCT</subfield>
      </datafield>
      <datafield ind1=" " ind2=" " tag="090">
         <subfield code="a">D862 .N498 2015</subfield>
         <subfield code="b">AEGMCT</subfield>
      </datafield>
      <datafield ind1="0" ind2="0" tag="245">
         <subfield code="a">News in review.</subfield>
         <subfield code="p">January 2015</subfield>
         <subfield code="h">[videorecording] /</subfield>
         <subfield code="c">produced by CBC.</subfield>
      </datafield>
      <datafield ind1="3" ind2=" " tag="246">
         <subfield code="a">CBC news in review, January 2015</subfield>
         <subfield code="h">[videorecording]</subfield>
      </datafield>
      <datafield ind1=" " ind2=" " tag="260">
         <subfield code="a">Toronto :</subfield>
         <subfield code="b">CBC Learning,</subfield>
         <subfield code="c">c2015.</subfield>
      </datafield>
      <datafield ind1=" " ind2=" " tag="300">
         <subfield code="a">1 videodisc (ca. 66 min.) :</subfield>
         <subfield code="b">sd., col. ;</subfield>
         <subfield code="c">4 3/4 in.</subfield>
      </datafield>
      <datafield ind1="0" ind2=" " tag="505">
         <subfield code="a">Segment 1. Our Canada: are we racist? (17:50 min.) -- Segment 2. Oil price plunge (16:03 min.) -- Segment 3. First Nations land disputes (17:47 min.) -- Segment 4. Canada and China relations (14:46 min.)</subfield>
      </datafield>
      <datafield ind1=" " ind2=" " tag="508">
         <subfield code="a">[Senior producer, Nigel Gibson ; producer, Lou Kovacs ; video writer: Nigel Gibson ; resource guide writers: Sean Dolan, Peter Flaherty, Jim L'Abbé, Jennifer Watt].</subfield>
      </datafield>
      <datafield ind1="1" ind2=" " tag="511">
         <subfield code="a">Host: Michael Serapio.</subfield>
      </datafield>
      <datafield ind1=" " ind2=" " tag="520">
         <subfield code="a">Part of a series which presents stories from news coverage on the National in more depth and detail than given during the actual broadcast.</subfield>
      </datafield>
      <datafield ind1=" " ind2=" " tag="530">
         <subfield code="a">Resource guide available in electronic form.</subfield>
      </datafield>
      <datafield ind1=" " ind2=" " tag="538">
         <subfield code="a">DVD.</subfield>
      </datafield>
      <datafield ind1=" " ind2=" " tag="546">
         <subfield code="a">Closed captioned.</subfield>
      </datafield>
      <datafield ind1=" " ind2=" " tag="596">
         <subfield code="a">55</subfield>
      </datafield>
      <datafield ind1=" " ind2="0" tag="650">
         <subfield code="a">Racism</subfield>
         <subfield code="z">Canada.</subfield>
         <subfield code="0">http://id.loc.gov/authorities/subjects/sh2010109276</subfield>
      </datafield>
      <datafield ind1=" " ind2="0" tag="650">
         <subfield code="a">Petroleum products</subfield>
         <subfield code="x">Prices.</subfield>
         <subfield code="0">http://id.loc.gov/authorities/subjects/sh85100451</subfield>
      </datafield>
      <datafield ind1=" " ind2="0" tag="650">
         <subfield code="a">Petroleum industry and trade</subfield>
         <subfield code="z">Canada.</subfield>
         <subfield code="0">http://id.loc.gov/authorities/subjects/sh2008109124</subfield>
      </datafield>
      <datafield ind1=" " ind2="0" tag="650">
         <subfield code="a">Indians of North America</subfield>
         <subfield code="z">Canada</subfield>
         <subfield code="x">Claims.</subfield>
         <subfield code="0">http://id.loc.gov/authorities/subjects/sh2009126888</subfield>
      </datafield>
      <datafield ind1=" " ind2="0" tag="650">
         <subfield code="a">Indians of North America</subfield>
         <subfield code="z">Canada</subfield>
         <subfield code="x">Treaties.</subfield>
         <subfield code="0">http://id.loc.gov/authorities/subjects/sh2009126892</subfield>
      </datafield>
      <datafield ind1=" " ind2="0" tag="650">
         <subfield code="a">Media literacy</subfield>
         <subfield code="x">Study and teaching.</subfield>
      </datafield>
      <datafield ind1=" " ind2="0" tag="650">
         <subfield code="a">History, Modern</subfield>
         <subfield code="y">21st century</subfield>
         <subfield code="0">http://id.loc.gov/authorities/subjects/sh99010892</subfield>
      </datafield>
      <datafield ind1=" " ind2="0" tag="651">
         <subfield code="a">Canada</subfield>
         <subfield code="x">Foreign relations</subfield>
         <subfield code="z">China.</subfield>
      </datafield>
      <datafield ind1=" " ind2="0" tag="651">
         <subfield code="a">China</subfield>
         <subfield code="x">Foreiegn relations</subfield>
         <subfield code="z">Canada.</subfield>
      </datafield>
      <datafield ind1=" " ind2="0" tag="655">
         <subfield code="a">Video recordings for the hearing impaired</subfield>
         <subfield code="0">http://id.loc.gov/authorities/subjects/sh2007010420</subfield>
      </datafield>
      <datafield ind1="1" ind2=" " tag="700">
         <subfield code="a">Gibson, Nigel.</subfield>
         <subfield code="0">http://id.loc.gov/authorities/names/nb2002000285</subfield>
         <subfield code="0">http://viaf.org/viaf/5246404</subfield>
      </datafield>
      <datafield ind1="1" ind2=" " tag="700">
         <subfield code="a">Kovacs, Lou.</subfield>
      </datafield>
      <datafield ind1="2" ind2=" " tag="710">
         <subfield code="a">Canadian Broadcasting Corporation.</subfield>
         <subfield code="0">http://id.loc.gov/authorities/names/n80085267</subfield>
         <subfield code="0">http://viaf.org/viaf/144201535</subfield>
      </datafield>
      <datafield ind1="0" ind2="2" tag="730">
         <subfield code="a">National (Television program)</subfield>
      </datafield>
      <datafield ind1="0" ind2="2" tag="740">
         <subfield code="a">Our Canada: are we racist?</subfield>
         <subfield code="h">[videorecording].</subfield>
      </datafield>
      <datafield ind1="0" ind2="2" tag="740">
         <subfield code="a">Oil price plunge</subfield>
         <subfield code="h">[videorecording].</subfield>
      </datafield>
      <datafield ind1="0" ind2="2" tag="740">
         <subfield code="a">First Nations land disputes</subfield>
         <subfield code="h">[videorecording].</subfield>
      </datafield>
      <datafield ind1="0" ind2="2" tag="740">
         <subfield code="a">Canada and China relations</subfield>
         <subfield code="h">[videorecording].</subfield>
      </datafield>
      <datafield ind1=" " ind2=" " tag="758">
         <subfield code="0">http://worldcat.org/entity/work/id/997546</subfield>
      </datafield>
      <datafield ind1="0" ind2=" " tag="787">
         <subfield code="n">OCLC Work Id</subfield>
         <subfield code="o">http://worldcat.org/entity/work/id/997546</subfield>
      </datafield>
      <datafield ind1="4" ind2="2" tag="856">
         <subfield code="3">Resource guide</subfield>
         <subfield code="u">http://curio.ca/en/channels/news-in-review-2014-2015/1819/</subfield>
      </datafield>
      <datafield ind1=" " ind2=" " tag="926">
         <subfield code="a">D862 .N498 2015</subfield>
         <subfield code="w">LC</subfield>
         <subfield code="c">1</subfield>
         <subfield code="i">1007809773</subfield>
         <subfield code="d">1/27/2016</subfield>
         <subfield code="e">1/11/2016</subfield>
         <subfield code="l">ON_SHELF</subfield>
         <subfield code="m">GR_MAC_ACC</subfield>
         <subfield code="n">5</subfield>
         <subfield code="p">$174.62</subfield>
         <subfield code="r">Y</subfield>
         <subfield code="s">Y</subfield>
         <subfield code="t">VIDEO</subfield>
         <subfield code="u">2/9/2015</subfield>
      </datafield>
   </record>
</collection>
